@article{plink,
  title={PLINK: a tool set for whole-genome association and population-based linkage analyses},
  author={Purcell, Shaun and Neale, Benjamin and Todd-Brown, Kathe and Thomas, Lori and Ferreira, Manuel AR and Bender, David and Maller, Julian and Sklar, Pamela and De Bakker, Paul IW and Daly, Mark J and others},
  journal={The American journal of human genetics},
  volume={81},
  number={3},
  pages={559--575},
  year={2007},
  publisher={Elsevier}
}
@article{modelbasedclustering,
  title={Model-based clustering for identifying disease-associated SNPs in case-control genome-wide association studies},
  author={Xu, Yan and Xing, Li and Su, Jessica and Zhang, Xuekui and Qiu, Weiliang},
  journal={Scientific reports},
  volume={9},
  number={1},
  pages={13686},
  year={2019},
  publisher={Nature Publishing Group UK London}
}
